<?xml version="1.0" encoding="UTF-8"?><collection xmlns="http://www.loc.gov/MARC21/slim"><record><leader>00565nam--2200193-u-4500</leader><controlfield tag="001">000050721</controlfield><controlfield tag="002">20161230</controlfield><controlfield tag="005">20161230201048</controlfield><controlfield tag="008">080324s1000------------r-----000-0-eng-d</controlfield><datafield ind1=" " ind2=" " tag="020"><subfield code="a">020138423X</subfield></datafield><datafield ind1=" " ind2=" " tag="040"><subfield code="a">IFIN-HH</subfield></datafield><datafield ind1=" " ind2=" " tag="080"><subfield code="a">524.882:531.18:530.12</subfield></datafield><datafield ind1="1" ind2=" " tag="100"><subfield code="a">Taylor, E.F</subfield></datafield><datafield ind1="1" ind2="0" tag="245"><subfield code="a">Exploring black holes</subfield><subfield code="b">Introduction to general relativity</subfield><subfield code="c">Edwin f. taylor, john archibald wheeler</subfield></datafield><datafield ind1=" " ind2=" " tag="260"><subfield code="a">San Francisco</subfield><subfield code="b">Addison Wesley Longman</subfield><subfield code="c">2000</subfield></datafield><datafield ind1=" " ind2=" " tag="300"><subfield code="a">/PAG.DIF.</subfield></datafield><datafield ind1="1" ind2=" " tag="700"><subfield code="a">Wheeler, John Archibald</subfield></datafield><datafield ind1=" " ind2=" " tag="852"><subfield code="c">523</subfield></datafield><datafield ind1=" " ind2=" " tag="CAT"><subfield code="a">Sys</subfield><subfield code="c">20141210</subfield><subfield code="h">163051</subfield></datafield></record></collection>